@article{vaswani2017attention,
  title={Attention is all you need},
  author={Vaswani, Ashish and Shazeer, Noam and Parmar, Niki and Uszkoreit, Jakob and Jones, Llion and Gomez, Aidan N and Kaiser, {\L}ukasz and Polosukhin, Illia},
  journal={Advances in neural information processing systems},
  volume={30},
  year={2017}
}

@inproceedings{devlin2019bert,
  title={Bert: Pre-training of deep bidirectional transformers for language understanding},
  author={Devlin, Jacob and Chang, Ming-Wei and Lee, Kenton and Toutanova, Kristina},
  booktitle={Proceedings of the 2019 conference of the North American chapter of the association for computational linguistics},
  pages={4171--4186},
  year={2019}
}

@article{jelodar2019latent,
  title={Latent Dirichlet allocation (LDA) and topic modeling: models, applications, a survey},
  author={Jelodar, Hamed and Wang, Yongli and Yuan, Chi and Feng, Xia and Jiang, Xiahui and Li, Yanchao and Zhao, Liang},
  journal={Multimedia tools and applications},
  volume={78},
  pages={15169--15211},
  year={2019},
  publisher={Springer}
}

@article{blei2003latent,
  title={Latent dirichlet allocation},
  author={Blei, David M and Ng, Andrew Y and Jordan, Michael I},
  journal={Journal of machine Learning research},
  volume={3},
  number={Jan},
  pages={993--1022},
  year={2003}
}

@article{deerwester1990indexing,
  title={Indexing by latent semantic analysis},
  author={Deerwester, Scott and Dumais, Susan T and Furnas, George W and Landauer, Thomas K and Harshman, Richard},
  journal={Journal of the American society for information science},
  volume={41},
  number={6},
  pages={391--407},
  year={1990},
  publisher={Wiley Online Library}
}

@article{grootendorst2022bertopic,
  title={BERTopic: Neural topic modeling with a class-based TF-IDF procedure},
  author={Grootendorst, Maarten},
  journal={arXiv preprint arXiv:2203.05794},
  year={2022}
}

@article{mcinnes2018umap,
  title={Umap: Uniform manifold approximation and projection for dimension reduction},
  author={McInnes, Leland and Healy, John and Melville, James},
  journal={arXiv preprint arXiv:1802.03426},
  year={2018}
}

@article{gansner2000open,
  title={An open graph visualization system and its applications to software engineering},
  author={Gansner, Emden R and North, Stephen C},
  journal={Software: practice and experience},
  volume={30},
  number={11},
  pages={1203--1233},
  year={2000},
  publisher={Wiley Online Library}
}

@book{barney2006etymologies,
  title={The etymologies of Isidore of Seville},
  author={Barney, Stephen A and Lewis, Wendy J and Beach, Jennifer A and Berghof, Oliver},
  year={2006},
  publisher={Cambridge University Press}
}


@misc{jina,
      title={jina-embeddings-v3: Multilingual Embeddings With Task LoRA}, 
      author={Saba Sturua and Isabelle Mohr and Mohammad Kalim Akram and Michael GÃ¼nther and Bo Wang and Markus Krimmel and Feng Wang and Georgios Mastrapas and Andreas Koukounas and Andreas Koukounas and Nan Wang and Han Xiao},
      year={2024},
      eprint={2409.10173},
      archivePrefix={arXiv},
      primaryClass={cs.CL},
      url={https://arxiv.org/abs/2409.10173}, 
}